<?xml version="1.0" encoding="utf-8"?>
<record xmlns="http://www.loc.gov/MARC21/slim" xmlns:xsi="http://www.w3.org/2001/XMLSchema-instance" xsi:schemaLocation="http://www.loc.gov/MARC21/slim http://www.loc.gov/standards/marcxml/schema/MARC21slim.xsd">
	<leader>     nam a22     Mi 4500</leader>
	<controlfield tag="001">b23632616</controlfield>
	<controlfield tag="003">LeBAU</controlfield>
	<controlfield tag="006">m        d        </controlfield>
	<controlfield tag="007">cr cn |||m|||a</controlfield>
	<controlfield tag="008">200522m19271928ua      o     000 0 ara d</controlfield>
	<datafield ind1=" " ind2=" " tag="040">
		<subfield code="a">ZYU</subfield>
		<subfield code="b">ara</subfield>
		<subfield code="e">rda</subfield>
		<subfield code="c">ZYU</subfield>
	</datafield>
	<datafield ind1="0" ind2="4" tag="082">
		<subfield code="a">349.297</subfield>
		<subfield code="2">20</subfield>
	</datafield>
	<datafield ind1="1" ind2=" " tag="100">
		<subfield code="6">880-01</subfield>
		<subfield code="a">Ibn Qudāmah, Muwaffaq al-Dīn ʻAbd Allāh ibn Aḥmad,</subfield>
		<subfield code="d">1147-1223.</subfield>
		<subfield code="e">author.</subfield>
		<subfield code="0">https://lccn.loc.gov/n83066615 ,</subfield>
	</datafield>
	<datafield ind1="1" ind2="0" tag="245">
		<subfield code="6">880-02</subfield>
		<subfield code="a">al-Mughnī /</subfield>
		<subfield code="c">taʼlīf al-shaykh al-imām al-ʻallāmah wa-al-ḥibr al-mudaqqiq al-fahhāmah shaykh al-Islām muwaffiq al-Dīn Abī Muḥammad ʻAbd Allāh ibn Aḥmad ibn Muḥammad ibn Qudāmah, al-mutawaffá sanat 620 ʻalá mukhtaṣar Abī al-Qāsim ʻUmar ibn al-Ḥusayn ibn ʻAbd Allāh ibn Aḥmad al-Khiraqī, al-mutawaffá sanat 334 H. Wa-yalīh al-Sharḥ al-kabīr ʻalá matn al-Muqniʻ / taʼlīf al-shaykh al-imām al-ʻālim al-ʻāmil shaykh al-Islām wa-qudwat al-anām baqīyyat al-salaf al-kirām Shams al-Dīn Abī al-Faraj ʻAbd al-Raḥmān ibn al-shaykh al-imām al-ʻālim al-ʻāmil al-zāhid Abī ʻUmar Muḥammad ibn Aḥmad ibn Qudāmah al-Maqdisī, al-mutawaffá sanat 682, kilāhumā ʻalá madhhab imām al-aʼimmah wa-muḥyī al-sunnah al-Imām Abī ʻAbd Allāh ibn Muḥammad ibn Ḥanbal al-Shībānī, maʻa bayān khilāf sāʼir al-aʼimmah wa-adillatihim ; aʻāda ṭabʻih bi-nafaqatih wa-ashrafa ʻalá taṣḥīḥih al-Sayyid Muḥammad Rashīd Riḍā, munshiʼ Majallat al-Manār.</subfield>
	</datafield>
	<datafield ind1=" " ind2=" " tag="250">
		<subfield code="6">880-03</subfield>
		<subfield code="a">al-Ṭabʻah al-thāniyah.</subfield>
	</datafield>
	<datafield ind1=" " ind2="1" tag="264">
		<subfield code="6">880-04</subfield>
		<subfield code="a">Miṣr :</subfield>
		<subfield code="b">Maṭbaʻat al-Manār,</subfield>
		<subfield code="c">1346-1347 H., [1927-1928? M.]</subfield>
	</datafield>
	<datafield ind1=" " ind2=" " tag="300">
		<subfield code="6">880-05</subfield>
		<subfield code="a">online resource (12 volumes)</subfield>
	</datafield>
	<datafield ind1=" " ind2=" " tag="336">
		<subfield code="a">text</subfield>
		<subfield code="2">rdacontent</subfield>
	</datafield>
	<datafield ind1=" " ind2=" " tag="337">
		<subfield code="a">computer</subfield>
		<subfield code="2">rdamedia</subfield>
	</datafield>
	<datafield ind1=" " ind2=" " tag="338">
		<subfield code="a">online resource</subfield>
		<subfield code="2">rdacarrier</subfield>
	</datafield>
	<datafield ind1=" " ind2=" " tag="500">
		<subfield code="a">&quot;تنبيه: وضعنا كتاب المغني في اعلى الصحائف والشرح الكبير في أدناها مفصولاً بينهما بخط عرضي.&quot;</subfield>
	</datafield>
	<datafield ind1=" " ind2=" " tag="500">
		<subfield code="a">&quot;من مطبوعات صاحب الجلالة السعودية ومحيي السنة المحمدية الإمام عبد العزيز آل سعود ملك الحجاز ونجد وملحقاتها.&quot;</subfield>
	</datafield>
	<datafield ind1=" " ind2=" " tag="500">
		<subfield code="a">Part of the Arabic Collections Online (ACO) project, contributed by American University of Beirut's Jafet Memorial Library.</subfield>
	</datafield>
	<datafield ind1=" " ind2=" " tag="533">
		<subfield code="a">Electronic reproduction.</subfield>
		<subfield code="b">New York, N.Y. :</subfield>
		<subfield code="c">New York University,</subfield>
		<subfield code="d">2020.</subfield>
		<subfield code="5">NNU</subfield>
	</datafield>
	<datafield ind1=" " ind2=" " tag="590">
		<subfield code="a">في المكتبة: الاجزاء 1، 4.</subfield>
	</datafield>
	<datafield ind1="1" ind2="4" tag="600">
		<subfield code="a">الخرقي، عمر بن الحسين،</subfield>
		<subfield code="d">-945 او 946.</subfield>
		<subfield code="t">المختصر.</subfield>
	</datafield>
	<datafield ind1="1" ind2="4" tag="600">
		<subfield code="a">ابن قدامة، موفق الدين عبد الله بن احمد،</subfield>
		<subfield code="d">1147-1223.</subfield>
		<subfield code="t">المقنع.</subfield>
	</datafield>
	<datafield ind1="1" ind2="0" tag="600">
		<subfield code="a">Khiraqī, ʻUmar ibn al-Ḥusayn,</subfield>
		<subfield code="d">-945 or 946.</subfield>
		<subfield code="t">Mukhtaṣar.</subfield>
	</datafield>
	<datafield ind1="1" ind2="0" tag="600">
		<subfield code="a">Ibn Qudāmah, Muwaffaq al-Dīn ʻAbd Allāh ibn Aḥmad,</subfield>
		<subfield code="d">1147-1223.</subfield>
		<subfield code="t">Muqniʻ.</subfield>
	</datafield>
	<datafield ind1=" " ind2="4" tag="650">
		<subfield code="a">الفقه الاسلامي</subfield>
		<subfield code="v">اعمال قديمة حتى 1800.</subfield>
	</datafield>
	<datafield ind1=" " ind2="4" tag="650">
		<subfield code="a">المذهب الحنبلي</subfield>
		<subfield code="v">اعمال قديمة حتى 1800.</subfield>
	</datafield>
	<datafield ind1=" " ind2="0" tag="650">
		<subfield code="a">Islamic law</subfield>
		<subfield code="v">Early works to 1800.</subfield>
	</datafield>
	<datafield ind1=" " ind2="0" tag="650">
		<subfield code="a">Hanbalites</subfield>
		<subfield code="v">Early works to 1800.</subfield>
	</datafield>
	<datafield ind1="1" ind2="2" tag="700">
		<subfield code="6">880-06</subfield>
		<subfield code="a">Ibn Qudāmah, ʻAbd al-Raḥmān ibn Muḥammad,</subfield>
		<subfield code="d">1200 or 1201-1283 or 1284.</subfield>
		<subfield code="t">Sharḥ al-Kabīr.</subfield>
	</datafield>
	<datafield ind1="0" ind2=" " tag="700">
		<subfield code="6">880-07</subfield>
		<subfield code="a">Muḥammad Rashīd Riḍā.</subfield>
		<subfield code="e">compiler.</subfield>
		<subfield code="0">https://lccn.loc.gov/n50047625 ,</subfield>
	</datafield>
	<datafield ind1="2" ind2=" " tag="710">
		<subfield code="a">Jafet Memorial Library.</subfield>
	</datafield>
	<datafield ind1="0" ind2=" " tag="730">
		<subfield code="a">Arabic Collections Online.</subfield>
	</datafield>
	<datafield ind1="0" ind2="8" tag="775">
		<subfield code="6">880-08</subfield>
		<subfield code="i">has designation of edition</subfield>
		<subfield code="4">http://rdaregistry.info/Elements/m/P30133 :</subfield>
		<subfield code="a">Ibn Qudāmah, Muwaffaq al-Dīn ʻAbd Allāh ibn Aḥmad, 1147-1223.</subfield>
		<subfield code="t">Mughnī.</subfield>
		<subfield code="b">al-Ṭabʻah al-ūlá.</subfield>
		<subfield code="d">Miṣr : Maṭbaʻat al-Manār, 1345-1348 H., [1926-1929? M.]</subfield>
		<subfield code="w">(OCoLC)784312083</subfield>
		<subfield code="w">(OCoLC)784312083</subfield>
	</datafield>
	<datafield ind1="0" ind2="8" tag="776">
		<subfield code="i">Print version:</subfield>
		<subfield code="a">Ibn Qudāmah, Muwaffaq al-Dīn ʻAbd Allāh ibn Aḥmad, 1147-1223. author. https://lccn.loc.gov/n83066615 ,</subfield>
		<subfield code="t">al-Mughnī</subfield>
		<subfield code="w">(LeBAU)b23632616</subfield>
	</datafield>
	<datafield ind1="4" ind2="0" tag="856">
		<subfield code="u">http://hdl.handle.net/2333.1/dz08m0kn</subfield>
	</datafield>
	<datafield ind1="1" ind2=" " tag="880">
		<subfield code="6">100-01</subfield>
		<subfield code="a">ابن قدامة، موفق الدين عبد الله بن احمد،</subfield>
		<subfield code="d">1147-1223،</subfield>
		<subfield code="0">https://lccn.loc.gov/n83066615 ,</subfield>
		<subfield code="e">مؤلف. </subfield>
		<subfield code="4">aut.</subfield>
	</datafield>
	<datafield ind1="1" ind2="3" tag="880">
		<subfield code="6">245-02</subfield>
		<subfield code="a">المغني /</subfield>
		<subfield code="c">تأليف الشيخ الإمام العلامة والحبر المدقق الفهامة شيخ الاسلام موفق الدين أبي محمد عبد الله بن أحمد بن محمد بن قدامة، المتوفى سنة 620 هـ على مختصر أبي القاسم عمر بن الحسين بن عبد الله بن أحمد الخرقي، المتوفى سنة 334 هـ. ويليه الشرح الكبير على متن المقنع / تأليف الشيخ الإمام العالم العامل شيخ الاسلام وقدوة الانام بقية السلف الكرام شمس الدين ابي الفرج عبد الرحمن بن الشيخ الامام العالم العامل الزاهد أبي عمر محمد بن أحمد ابن قدامة المقدسي، المتوفى سنة 682، كلاهما على مذهب امام الائمة ومحيي السنة أبي عبد الله أحمد بن محمد ابن حنبل الشيباني مع بيان خلاف سائر الائمة وأدلهم ؛ اعاد طبعه بنفقته وأشرف على تصحيحه السيد محمد رشيد رضا، منشئ مجلة المنار.</subfield>
	</datafield>
	<datafield ind1=" " ind2=" " tag="880">
		<subfield code="6">250-03</subfield>
		<subfield code="a">الطبعة الثانية.</subfield>
	</datafield>
	<datafield ind1=" " ind2="1" tag="880">
		<subfield code="6">264-04</subfield>
		<subfield code="a">مصر :</subfield>
		<subfield code="b">مطبعة المنار،</subfield>
		<subfield code="c">1346-1347 هـ.، [1927-1928؟ م.]</subfield>
	</datafield>
	<datafield ind1=" " ind2=" " tag="880">
		<subfield code="6">300-05</subfield>
		<subfield code="a">12 جزء ؛</subfield>
		<subfield code="c">28 سم</subfield>
	</datafield>
	<datafield ind1="1" ind2="2" tag="880">
		<subfield code="6">700-06</subfield>
		<subfield code="a">ابن قدامة، عبد الرحمن بن محمد،</subfield>
		<subfield code="d">1200 او 1201-1283 او 1284.</subfield>
		<subfield code="t">الشرح الكبير.</subfield>
	</datafield>
	<datafield ind1="0" ind2=" " tag="880">
		<subfield code="6">700-07</subfield>
		<subfield code="a">محمد رشيد رضا،</subfield>
		<subfield code="0">https://lccn.loc.gov/n50047625 ,</subfield>
		<subfield code="e">معد. </subfield>
		<subfield code="4">com.</subfield>
	</datafield>
	<datafield ind1="0" ind2="8" tag="880">
		<subfield code="6">775-08</subfield>
		<subfield code="i">دلالة على الطبعة</subfield>
		<subfield code="4">http://rdaregistry.info/Elements/m/P30133 :</subfield>
		<subfield code="a">ابن قدامة المقدسي، ابو محمد عبد الله بن احمد، 1147-1223.</subfield>
		<subfield code="t">المغني.</subfield>
		<subfield code="b">الطبعة الاولى.</subfield>
		<subfield code="d">مصر : مطبعة المنار، 1345-1348 هـ.، [1929-1926؟ م.]</subfield>
		<subfield code="w">(LEAUB)b12429934</subfield>
		<subfield code="w">(OCoLC)784312083</subfield>
	</datafield>
	<datafield ind1=" " ind2=" " tag="959">
		<subfield code="a">NNU</subfield>
		<subfield code="b">WEB</subfield>
		<subfield code="c">GENI</subfield>
		<subfield code="t">0</subfield>
		<subfield code="m">Electronic access</subfield>
		<subfield code="s">01</subfield>
	</datafield>
	<datafield ind1=" " ind2=" " tag="999">
		<subfield code="i">LeBAU_b23632616</subfield>
		<subfield code="s">aub_aco003828:v.1</subfield>
		<subfield code="s">aub_aco003831:v.4</subfield>
		<subfield code="e">(ERROR-MISC)</subfield>
	</datafield>
</record>
